@manual{oetiket2007lshort,
    author = {Oetiket, T. and Partl, H. and Hyna and Schlegl, E.},
    title = {The not-so-short introduction to Latex},
    url = {http://www.ctan.org/tex-archive/info/lshort/english/lshort.pdf}
}

@Manual{downes2002shortams,
  title = 	 {{Short Math Guide for \LaTeX{}}},
  author = 	 {Downes,, Michael},
  organization = {American Mathematical Society},
  year = 	 {2002},
  url = 	 {ftp://ftp.ams.org/pub/tex/doc/amsmath/short-math-guide.pdf}
}

@Book{ungar2002uvod,
  author = 	 {Šime Ungar},
  title = 	 {{Uvod u \TeX{} s naglaskom na \LaTeX 2$\epsilon$}},
  publisher = 	 {Odjel za matematiku, Sveučilište J.J.\ Strossmayera u Osijeku},
  year = 	 {2002}
}

@inbook{inbook,
author = {Kouraklis, John},
year = {2016},
month = {10},
pages = {},
title = {MVVM as Design Pattern},
doi = {10.1007/978-1-4842-2214-0_1}
}

@misc{mvvm,
    author    = {Likness, Jeremy},
    title     = {Model-View-ViewModel (MVVM) Explained},
    year     = {2010},
    month    = {10},
    howpublished = {\url{https://csharperimage.jeremylikness.com/2010/04/model-view-viewmodel-mvvm-explained.html}},
    note     = {, 20.06.2019.},
}

@misc{dotnet,
    author    = {D. Roth, R. Anderson, S. Luttin},
    title     = {Introduction to ASP.NET Core},
    year     = {2019},
    month    = {4},
    howpublished = {\url{https://docs.microsoft.com/en-us/aspnet/core/?view=aspnetcore-2.2}},
    note     = {, 20.06.2019.},
}

@misc{wpf,
author = {Microsoft},
title = {Data Binding Overview},
year = {2019},
howpublished = {\url{https://docs.microsoft.com/en-us/dotnet/desktop-wpf/data/data-binding-overview?view=netframework-4.8}},
note     = {, 20.06.2019.},
}
